@inproceedings{emane_core,
  author    = {Ahrenholz, Jeff and Goff, Tom and Adamson, Brian},
  booktitle = {2011 - MILCOM 2011 Military Communications Conference},
  title     = {Integration of the CORE and EMANE Network Emulators},
  year      = {2011},
  volume    = {},
  number    = {},
  pages     = {1870-1875},
  doi       = {10.1109/MILCOM.2011.6127585}
}

@inproceedings{emane_link16,
  author    = {Schucker, Thomas and Bose, Tamal and Ryu, Bo},
  booktitle = {MILCOM 2018 - 2018 IEEE Military Communications Conference (MILCOM)},
  title     = {Emulating Wireless Networks with High Fidelity RF Interference Modeling},
  year      = {2018},
  pages     = {822-828},
  doi       = {10.1109/MILCOM.2018.8599761}
}

@misc{emane_nrl,
  author = {Schreiber, E. and Kehoe, P. and Galgano, S.},
  url    = {https://www.nrl.navy.mil/Our-Work/Areas-of-Research/Information-Technology/NCS/EMANE},
  title  = {Extendable Mobile Ad-hoc Network Emulator (EMANE)},
  year   = {2018}
}

@misc{emane_tutorial,
  url   = {https://github.com/adjacentlink/emane-tutorial},
  title = {EMANE-Tutorial},
  year  = {2018}
}

@article{kaur2014performance,
  title     = {Performance Evaluation of Diverse MANET Routing Protocols-A Review},
  author    = {Kaur, Sandeep and Arora, Ketki},
  journal   = {International Journal of Computer Applications},
  volume    = {107},
  number    = {17},
  year      = {2014},
  publisher = {Foundation of Computer Science}
}

@misc{ns3,
  author = {nsnam},
  url    = {https://www.nsnam.org/about/},
  title  = {What is ns-3?},
  year   = {2022}
}

@inproceedings{ns3_orbit,
  author    = {Yadav, Sonal and Gaur, M.S. and Laxmi, V.},
  booktitle = {2013 International Conference on Advances in Computing, Communications and Informatics (ICACCI)},
  title     = {Ns-3 emulation on ORBIT testbed},
  year      = {2013},
  volume    = {},
  number    = {},
  pages     = {616-619},
  doi       = {10.1109/ICACCI.2013.6637243}
}

@inproceedings{nsclick,
  author    = {Neufeld, Michael and Jain, Ashish and Grunwald, Dirk},
  title     = {Nsclick: Bridging Network Simulation and Deployment},
  year      = {2002},
  isbn      = {1581136102},
  publisher = {Association for Computing Machinery},
  address   = {New York, NY, USA},
  url       = {https://doi.org/10.1145/570758.570772},
  doi       = {10.1145/570758.570772},
  booktitle = {Proceedings of the 5th ACM International Workshop on Modeling Analysis and Simulation of Wireless and Mobile Systems},
  pages     = {74–81},
  numpages  = {8},
  series    = {MSWiM '02}
}

@article{omnet_manager,
  author  = {Bautista, Pablo Andrés Barbecho and Urquiza-Aguiar, Luis Felipe and Cárdenas, Leticia Lemus and Igartua, Mónica Aguilar},
  journal = {IEEE Access},
  title   = {Large-Scale Simulations Manager Tool for OMNeT++: Expediting Simulations and Post-Processing Analysis},
  year    = {2020},
  volume  = {8},
  number  = {},
  pages   = {159291-159306},
  doi     = {10.1109/ACCESS.2020.3020745}
}

@misc{omnet++,
  author = {OpenSim Ltd.},
  url    = {https://omnetpp.org/intro/},
  title  = {What is OMNeT++?},
  year   = {2019}
}

@article{puri2014routing,
  title     = {Routing protocols in manet: A survey},
  author    = {Puri, Swati and Arora, Vishal},
  journal   = {International Journal of Computer Applications},
  volume    = {96},
  number    = {13},
  year      = {2014},
  publisher = {Foundation of Computer Science}
}

@inproceedings{simulation_emulation,
  author    = {Guruprasad, S. and Ricci, R. and Lepreau, J.},
  booktitle = {First International Conference on Testbeds and Research Infrastructures for the DEvelopment of NeTworks and COMmunities},
  title     = {Integrated network experimentation using simulation and emulation},
  year      = {2005},
  volume    = {},
  number    = {},
  pages     = {204-212},
  doi       = {10.1109/TRIDNT.2005.21}
}